<record><leader>00000cas a22000007a 4500</leader><controlfield tag="001">24005904</controlfield><controlfield tag="008">910628d187318uumauwr ne      0    0eng d</controlfield><datafield ind1=" " ind2=" " tag="010"><subfield code="a">sn 91571070 </subfield></datafield><datafield ind1=" " ind2=" " tag="040"><subfield code="a">MGN</subfield><subfield code="b">eng</subfield><subfield code="c">MGN</subfield><subfield code="d">OCLCQ</subfield></datafield><datafield ind1=" " ind2=" " tag="042"><subfield code="a">msc</subfield></datafield><datafield ind1="0" ind2="4" tag="245"><subfield code="a">The Trades journal, a record of social and economic progress.</subfield></datafield><datafield ind1="3" ind2="0" tag="246"><subfield code="a">Trades journal</subfield></datafield><datafield ind1=" " ind2=" " tag="260"><subfield code="a">Boston, Mass. :</subfield><subfield code="b">[s.n.]</subfield></datafield><datafield ind1=" " ind2=" " tag="300"><subfield code="a">v.</subfield></datafield><datafield ind1=" " ind2=" " tag="310"><subfield code="a">Daily</subfield></datafield><datafield ind1="0" ind2=" " tag="362"><subfield code="a">Vol. 6, no. 15 (Aug. 9, 1873)-</subfield></datafield><datafield ind1=" " ind2=" " tag="515"><subfield code="a">Vol. 6, no. 15 (Aug. 9, 1873)-v. 6, no. 22 (Sept. 27, 1873) called also whole no. 327-334.</subfield></datafield><datafield ind1=" " ind2=" " tag="752"><subfield code="a">United States</subfield><subfield code="b">Massachusetts</subfield><subfield code="c">Suffolk</subfield><subfield code="d">Boston.</subfield></datafield><datafield ind1="0" ind2="0" tag="780"><subfield code="t">Trades journal and financial record</subfield><subfield code="w">(DLC)sn 91057098</subfield></datafield></record>